@article{abbott2005containers,
title = "Containers: Constructing strictly positive types",
journal = "Theoretical Computer Science",
volume = "342",
number = "1",
pages = "3 - 27",
year = "2005",
note = "Applied Semantics: Selected Topics",
author = "Michael Abbott and Thorsten Altenkirch and Neil Ghani",
}


@phdthesis{abbot2003categoriesthesis,
  author       = {Michael Gordon Abbott}, 
  title        = {Categories of Containers},
  school       = {University of Leicester},
  year         = 2003,
  month        = 8,
}


@article{ahman2014when,
   title={When is a container a comonad?},
   volume={10},
   ISSN={1860-5974},
   number={3},
   journal={Logical Methods in Computer Science},
   publisher={Logical Methods in Computer Science e.V.},
   author={Ahman, Danel and Chapman, James and Uustalu, Tarmo},
   editor={Birkedal, LarsEditor},
   year={2014},
   month={9}
}


@book{aguiar1997internal,
  title={Internal categories and quantum groups},
  author={Aguiar, Marcelo},
  year={1997},
  publisher={Cornell University}
}

@misc{clarke2022introduction,
      title={An introduction to enriched cofunctors}, 
      author={Bryce Clarke and Matthew Di Meglio},
      year={2022},
      eprint={2209.01144},
      archivePrefix={arXiv},
      primaryClass={math.CT}
}

@article{kelly1980unified,
  title={A unified treatment of transfinite constructions for free algebras, free monoids, colimits, associated sheaves, and so on},
  author={Kelly, G Max},
  journal={Bulletin of the Australian Mathematical Society},
  volume={22},
  number={1},
  pages={1--83},
  year={1980},
  publisher={Cambridge University Press}
}


@inproceedings{Katsumata2020interaction,
author = {Katsumata, Shin-ya and Rivas, Exequiel and Uustalu, Tarmo},
title = {Interaction Laws of Monads and Comonads},
year = {2020},
isbn = {9781450371049},
publisher = {Association for Computing Machinery},
address = {New York, NY, USA},
doi = {10.1145/3373718.3394808},
}

@book{Leinster:2004a,
  Author = {Leinster, Tom},
  Title = {Higher operads, higher categories},
  Series = {London Mathematical Society Lecture Note Series},
  Number = {298},
  Publisher = {Cambridge University Press, Cambridge},
  Date = {2004},
  ISBN = {0-521-53215-9},
  DOI = {10.1017/CBO9780511525896}
}


@inproceedings{libkind2024pattern,
	title = {Pattern runs on matter: the free monad monad as a module over the cofree comonad comonad},
	author = {Libkind, Sophie and Spivak, David I.},
  booktitle={Proceedings of the 7th annual conference on Applied Category Theory},
  year={2024},
  organization={EPTCS}
}


@book{macLane1992sheaves,
    author = {MacLane, Saunders and Moerdijk, Ieke},
    ISBN = {0387977104},
    publisher = {Springer},
    title = {Sheaves in Geometry and Logic: A First Introduction to Topos Theory},
    year = {1992},
}

@book{niu2022poly,
    Author = {Nelson Niu and David I. Spivak},
    Title = {Polynomial functors: a general theory of interaction},
    Year = {2022},
    Publisher = {Cambridge University Press},
    Series = {London Mathematical Society Lecture Note Series},
    Note = {In preparation}
}

@article{spivak2021learnersv1,
  title={Learners' languages},
  author={Spivak, David I.},
  eprint={arXiv:2103.01189v1},
  year={2021},
  url={https://arxiv.org/pdf/2103.01189v1}
}

@misc{spivak2022reference,
  doi = {10.48550/ARXIV.2202.00534}, 
  url = {https://arxiv.org/abs/2202.00534},
  author = {Spivak, David I.},
  keywords = {Category Theory (math.CT), FOS: Mathematics, FOS: Mathematics, 18A25, 18M05},
  title = {A reference for categorical structures on $\mathbf{Poly}$}, 
  publisher = {Electronic Proceedings in Theoretical Computer Science},
  year = {2022},
}

@article{shapiro2022dynamic,
    Author = {Shapiro, Brandon T. and Spivak, David I.},
    Title = {Dynamic categories, dynamic operads: From deep learning to prediction markets},
    year = {2022},
    journal = {Electronic Proceedings in Theoretical Computer Science},
}

@article{schultz2016dynamical,
  title={Dynamical systems and sheaves},
  author={Schultz, Patrick and Spivak, David I and Vasilakopoulou, Christina},
  journal={Applied Categorical Structures},
  pages={1--57},
  year={2016},
  publisher={Springer}
}

@misc{nlab:retrofunctor,
  author = {{nLab authors}},
  title = {retrofunctor},
  howpublished = {\url{https://ncatlab.org/nlab/show/retrofunctor}},
  note = {\href{https://ncatlab.org/nlab/revision/retrofunctor/15}{Revision 15}},
  month = sep,
  year = 2024
}

@misc{nlab:transfinite_construction_of_free_algebras,
  author = {{nLab authors}},
  title = {Transfinite construction of free algebras},
  howpublished = {\url{https://ncatlab.org/nlab/show/transfinite+construction+of+free+algebras}},
  note = {\href{https://ncatlab.org/nlab/revision/transfinite+construction+of+free+algebras/13}{Revision 13}},
  month = mar,
  year = 2024
}